<?xml version="1.0" encoding="UTF-8"?>
<collection
  xmlns:xsi="http://www.w3.org/2001/XMLSchema-instance"
  xsi:schemaLocation="http://www.loc.gov/MARC21/slim http://www.loc.gov/standards/marcxml/schema/MARC21slim.xsd"
  xmlns="http://www.loc.gov/MARC21/slim">

<record>
  <leader>02873ckdaa2200493 a 4500</leader>
  <controlfield tag="001">3460530</controlfield>
  <controlfield tag="005">20081118115238.0</controlfield>
  <controlfield tag="008">870227s1943    nyu||| ||||||     k|eng d</controlfield>
  <datafield tag="035" ind1=" " ind2=" ">
    <subfield code="a">(CStRLIN)NYDA87-F83</subfield>
  </datafield>
  <datafield tag="035" ind1=" " ind2=" ">
    <subfield code="a">(OCoLC)ocm79719419</subfield>
  </datafield>
  <datafield tag="035" ind1=" " ind2=" ">
    <subfield code="a">(NNC)3460530</subfield>
  </datafield>
  <datafield tag="040" ind1=" " ind2=" ">
    <subfield code="a">NNC-A</subfield>
    <subfield code="c">NNC-A</subfield>
    <subfield code="e">gihc</subfield>
  </datafield>
  <datafield tag="043" ind1=" " ind2=" ">
    <subfield code="a">n-us-ny</subfield>
    <subfield code="a">n-us-nj</subfield>
  </datafield>
  <datafield tag="100" ind1="1" ind2=" ">
    <subfield code="a">Ferriss, Hugh,</subfield>
    <subfield code="d">1889-1962.</subfield>
  </datafield>
  <datafield tag="240" ind1="1" ind2="0">
    <subfield code="a">Bombproof shelter (N.Y. and N.J.)</subfield>
  </datafield>
  <datafield tag="245" ind1="1" ind2="0">
    <subfield code="a">[Bombproof shelter]</subfield>
    <subfield code="h">[graphic] /</subfield>
    <subfield code="c">Hugh Ferriss.</subfield>
  </datafield>
  <datafield tag="260" ind1=" " ind2=" ">
    <subfield code="c">[circa 1943]</subfield>
  </datafield>
  <datafield tag="300" ind1=" " ind2=" ">
    <subfield code="a">6 drawings :</subfield>
    <subfield code="b">charcoal or crayon with chalk or crayon on paper ;</subfield>
    <subfield code="c">42.6 x 61.6 cm. (16 5/8 x 23 7/8 in.) or smaller.</subfield>
  </datafield>
  <datafield tag="500" ind1=" " ind2=" ">
    <subfield code="a">Title derived from POWER IN BUILDINGS / Hugh Ferriss, 1953, drawings 45-46.</subfield>
  </datafield>
  <datafield tag="580" ind1=" " ind2=" ">
    <subfield code="a">Forms part of the Hugh Ferriss drawings and papers, Dept. of Drawings &amp; Archives, Avery Architectural and Fine Arts Library.</subfield>
  </datafield>
  <datafield tag="500" ind1=" " ind2=" ">
    <subfield code="a">Date approximated from "A list of commissions completed to Dec. 31, 1945" in Ferriss Archival Papers which states: "Original proposed, published and submitted to Washington by the late George J. Atwell, in 1943".</subfield>
  </datafield>
  <datafield tag="650" ind1=" " ind2="7">
    <subfield code="a">Airplanes.</subfield>
    <subfield code="2">aat</subfield>
  </datafield>
  <datafield tag="650" ind1=" " ind2="7">
    <subfield code="a">Bomb shelters.</subfield>
    <subfield code="2">aat</subfield>
  </datafield>
  <datafield tag="650" ind1=" " ind2="7">
    <subfield code="a">Tunnels.</subfield>
    <subfield code="2">aat</subfield>
  </datafield>
  <datafield tag="655" ind1=" " ind2="7">
    <subfield code="a">Architectural drawings</subfield>
    <subfield code="x">American.</subfield>
    <subfield code="2">aat</subfield>
  </datafield>
  <datafield tag="655" ind1=" " ind2="7">
    <subfield code="a">Perspective drawings.</subfield>
    <subfield code="2">aat</subfield>
  </datafield>
  <datafield tag="691" ind1=" " ind2="0">
    <subfield code="a">New York.</subfield>
  </datafield>
  <datafield tag="691" ind1=" " ind2="0">
    <subfield code="a">New Jersey.</subfield>
  </datafield>
  <datafield tag="691" ind1=" " ind2="4">
    <subfield code="a">Palisades (N.J. and N.Y.)</subfield>
  </datafield>
  <datafield tag="691" ind1=" " ind2="4">
    <subfield code="a">Hudson River (N.Y. and N.J.)</subfield>
  </datafield>
  <datafield tag="700" ind1="1" ind2=" ">
    <subfield code="a">Atwell, George J.</subfield>
  </datafield>
  <datafield tag="710" ind1="2" ind2=" ">
    <subfield code="a">George J. Atwell Foundation Corporation.</subfield>
  </datafield>
  <datafield tag="740" ind1="0" ind2="3">
    <subfield code="a">Airplane in hanger.</subfield>
  </datafield>
  <datafield tag="740" ind1="0" ind2="3">
    <subfield code="a">Aiplane with boarding passenger.</subfield>
  </datafield>
  <datafield tag="755" ind1=" " ind2=" ">
    <subfield code="a">Charcoal drawings.</subfield>
    <subfield code="2">aat</subfield>
  </datafield>
  <datafield tag="755" ind1=" " ind2=" ">
    <subfield code="a">Crayon drawings.</subfield>
    <subfield code="2">aat</subfield>
  </datafield>
  <datafield tag="799" ind1="4" ind2="3">
    <subfield code="a">Hugh Ferriss drawings and papers.</subfield>
  </datafield>
  <datafield tag="789" ind1="0" ind2=" ">
    <subfield code="l">[1]</subfield>
    <subfield code="i">NYDA.1000.001.00022.</subfield>
    <subfield code="t">[Perspective with airplane] /</subfield>
    <subfield code="c">Hugh Ferriss.</subfield>
    <subfield code="p">Charcoal with brown crayon (some white) on paper ; 42.6 x 61.3 cm. (16 7/8 x 24 1/4 in.)</subfield>
  </datafield>
  <datafield tag="789" ind1="0" ind2=" ">
    <subfield code="l">[2]</subfield>
    <subfield code="i">NYDA.1000.001.00023.</subfield>
    <subfield code="t">[Airplane in hanger] /</subfield>
    <subfield code="c">Hugh Ferriss.</subfield>
    <subfield code="p">Charcoal with white (crayon?) on paper ; 42.6 x 61.6 cm. (16 5/8 x 23 7/8 in.)</subfield>
    <subfield code="o">Signed, lower left.</subfield>
  </datafield>
  <datafield tag="789" ind1="0" ind2=" ">
    <subfield code="l">[3]</subfield>
    <subfield code="i">NYDA.1000.001.00024.</subfield>
    <subfield code="t">[Airplane in hanger]</subfield>
    <subfield code="p">Charcoal with white crayon (?) on paper ; 35.1 x 51.9 cm. (13 7/8 x 20 in.)</subfield>
  </datafield>
  <datafield tag="789" ind1="0" ind2=" ">
    <subfield code="l">[4]</subfield>
    <subfield code="i">NYDA.1000.001.00025.</subfield>
    <subfield code="t">[Airplane in hanger] /</subfield>
    <subfield code="c">Hugh Ferriss.</subfield>
    <subfield code="p">Charcoal on paper ; 32.5 x 49.9 cm. (12 7/8 x 19 5/8 in.)</subfield>
    <subfield code="o">Signed lower right.</subfield>
  </datafield>
  <datafield tag="789" ind1="0" ind2=" ">
    <subfield code="l">[5]</subfield>
    <subfield code="i">NYDA.1000.001.00026.</subfield>
    <subfield code="t">[Airplanes with boarding passengers] /</subfield>
    <subfield code="c">Hugh Ferriss.</subfield>
    <subfield code="p">Charcoal with brown and white chalk on paper ; 32.8 x 49.0 cm. (13 x 19 3/8 in.)</subfield>
    <subfield code="o">Signed, lower left.</subfield>
  </datafield>
  <datafield tag="789" ind1="0" ind2=" ">
    <subfield code="l">[6]</subfield>
    <subfield code="i">NYDA.1000.001.00027.</subfield>
    <subfield code="t">Airplane with boarding passengers /</subfield>
    <subfield code="c">Hugh Ferriss.</subfield>
    <subfield code="p">Black crayon with color crayon on paper ; 33.1 x 58.2 cm. (13 x 23 in.)</subfield>
    <subfield code="o">Title on verso.</subfield>
    <subfield code="o">Signed lower center.</subfield>
    <subfield code="o">Statue of Liberty in background.</subfield>
  </datafield>
  <datafield tag="900" ind1=" " ind2=" ">
    <subfield code="a">AUTH</subfield>
  </datafield>
</record>

</collection>